@article{nolan2010computing,
  title={Computing in the statistics curricula},
  author={Nolan, Deborah and Temple Lang, Duncan},
  journal={The American Statistician},
  volume={64},
  number={2},
  pages={97--107},
  year={2010},
  publisher={Taylor \& Francis}
}
